<?xml version="1.0" encoding="UTF-8" ?>
<collection xmlns:xsi="http://www.w3.org/2001/XMLSchema-instance"
    xsi:schemaLocation="http://www.loc.gov/MARC21/slim
        http://www.loc.gov/standards/marcxml/schema/MARC21slim.xsd"
    xmlns="http://www.loc.gov/MARC21/slim">
<record>
  <leader>00217cam a2200397 i 4500</leader>
  <controlfield tag="001">b12629340</controlfield>
  <controlfield tag="003">LeBAU</controlfield>
  <controlfield tag="005">20130821</controlfield>
  <controlfield tag="008">970903s1909    ua            ||0 p ara d</controlfield>
  <datafield tag="035" ind1=" " ind2=" ">
    <subfield code="a">ocn784434503</subfield>
  </datafield>
  <datafield tag="040" ind1=" " ind2=" ">
    <subfield code="a">LEAUB</subfield>
    <subfield code="b">ara</subfield>
    <subfield code="e">rda</subfield>
    <subfield code="c">LEAUB</subfield>
    <subfield code="d">LEAUB</subfield>
  </datafield>
  <datafield tag="082" ind1="0" ind2="4">
    <subfield code="a">892.78</subfield>
    <subfield code="2">23</subfield>
  </datafield>
  <datafield tag="100" ind1="1" ind2=" ">
    <subfield code="6">880-01</subfield>
    <subfield code="a">Taymūrīyah, ʻĀʼishah,</subfield>
    <subfield code="d">1840 or 1841-1902 or 1903,</subfield>
    <subfield code="e">author.</subfield>
  </datafield>
  <datafield tag="245" ind1="1" ind2="0">
    <subfield code="6">880-02</subfield>
    <subfield code="a">al-Dīwān al-muḥyī rufāt al-adab al-bāligh min funūn al-balāghah ghāyat al-irab al-muḥtawī min ḥusn al-barāʻah ʻalá mā bi-hi imtāza al-musammá ṭibqan li-maʻnāhu bi-Ḥilyat al-Ṭirāz /</subfield>
    <subfield code="c">ʻĀ’ishah ‘Iṣmat bint al-marḥūm Ismā‘īl Bāshā Taymūr ; [ṣaḥḥaḥahu] al-Shaykh Sayyid Ḥammād al-Fayyūmī.</subfield>
  </datafield>
  <datafield tag="246" ind1="3" ind2="0">
    <subfield code="6">880-03</subfield>
    <subfield code="a">Ḥilyat al-Ṭirāz</subfield>
  </datafield>
  <datafield tag="264" ind1=" " ind2="1">
    <subfield code="6">880-04</subfield>
    <subfield code="a">Miṣr :</subfield>
    <subfield code="b">al-Maṭbaʻah al-‘Āmirah al-Sharafīyah,</subfield>
    <subfield code="c">1327 H., [1909? M.]</subfield>
  </datafield>
  <datafield tag="300" ind1=" " ind2=" ">
    <subfield code="6">880-05</subfield>
    <subfield code="a">71 pages ;</subfield>
    <subfield code="c">24 cm</subfield>
  </datafield>
  <datafield tag="336" ind1=" " ind2=" ">
    <subfield code="a">text</subfield>
    <subfield code="b">txt</subfield>
    <subfield code="2">rdacontent</subfield>
  </datafield>
  <datafield tag="337" ind1=" " ind2=" ">
    <subfield code="a">unmediated</subfield>
    <subfield code="b">n</subfield>
    <subfield code="2">rdamedia</subfield>
  </datafield>
  <datafield tag="338" ind1=" " ind2=" ">
    <subfield code="a">volume</subfield>
    <subfield code="b">nc</subfield>
    <subfield code="2">rdacarrier</subfield>
  </datafield>
  <datafield tag="655" ind1=" " ind2="4">
    <subfield code="a">شعر.</subfield>
  </datafield>
  <datafield tag="655" ind1=" " ind2="0">
    <subfield code="a">Poetry.</subfield>
  </datafield>
  <datafield tag="700" ind1="1" ind2=" ">
    <subfield code="6">880-06</subfield>
    <subfield code="a">Ajmāwī, Ḥammād al-Fayyūmī,</subfield>
    <subfield code="e">corrector.</subfield>
  </datafield>
  <datafield tag="775" ind1="0" ind2=" ">
    <subfield code="6">880-07</subfield>
    <subfield code="t">al-Dīwān al-muḥyī rufāt al-adab al-bāligh min funūn al-balāghah ghāyat al-irab al-muḥtawī min ḥusn al-barāʻah ʻalá mā bi-hi imtāza al-musammá ṭibqan li-maʻnāhu bi-Ḥilyat al-Ṭirāz</subfield>
    <subfield code="d">Miṣr : al-Maṭbaʻah al-‘Āmirah al-Sharafīyah, 1885</subfield>
    <subfield code="w">(OCoLC)784404052</subfield>
    <subfield code="w">(OCoLC)784404052</subfield>
  </datafield>
  <datafield tag="852" ind1=" " ind2=" ">
    <subfield code="a">Jafet Library</subfield>
    <subfield code="e">American University of Beirut, Bliss Street , Beirut, Lebanon.</subfield>
  </datafield>
  <datafield tag="880" ind1="1" ind2=" ">
    <subfield code="6">100-01/(3/r</subfield>
    <subfield code="a">التيمورية، عائشة،</subfield>
    <subfield code="d">1840 أو 1841-1902 أو 1903،</subfield>
    <subfield code="e">مؤلف. </subfield>
    <subfield code="4">aut.</subfield>
  </datafield>
  <datafield tag="880" ind1="1" ind2="3">
    <subfield code="6">245-02/(3/r</subfield>
    <subfield code="a">الديوان المحي رفات الأدب البالغ من فنون البلاغة غاية الإرب المحتوي من حسن البراعة على ما به إمتاز المسمى طبقأ لمعناه بحلية الطراز /</subfield>
    <subfield code="c">عائشة عصمت بنت المرحوم إسماعيل باشا تيمور ؛ [صححه] الشيخ سيد حماد الفيومي.</subfield>
  </datafield>
  <datafield tag="880" ind1="3" ind2="0">
    <subfield code="6">246-03/(3/r</subfield>
    <subfield code="a">حلية الطراز</subfield>
  </datafield>
  <datafield tag="880" ind1=" " ind2="1">
    <subfield code="6">264-04/(3/r</subfield>
    <subfield code="a">مصر :</subfield>
    <subfield code="b">المطبعة العامرة الشرفية،</subfield>
    <subfield code="c">1327هـ.، [1909؟ م.]</subfield>
  </datafield>
  <datafield tag="880" ind1=" " ind2=" ">
    <subfield code="6">300-05/(3/r</subfield>
    <subfield code="a">71 صفحة ؛</subfield>
    <subfield code="c">24 سم</subfield>
  </datafield>
  <datafield tag="880" ind1="1" ind2=" ">
    <subfield code="6">700-06/(3/r</subfield>
    <subfield code="a">العجماوي، حماد الفيومي،</subfield>
    <subfield code="e">مصحح.</subfield>
  </datafield>
  <datafield tag="880" ind1="0" ind2=" ">
    <subfield code="6">775-07/(3/r</subfield>
    <subfield code="t">الديوان المحي رفات الأدب البالغ من فنون البلاغة غاية الإرب المحتوي من حسن البراعة على ما به إمتاز المسمى طبقأ لمعناه بحلية الطراز</subfield>
    <subfield code="d">مصر : المطبعة العامرة الشرفية، 1885</subfield>
    <subfield code="w">b12554224</subfield>
    <subfield code="w">(OCoLC)784404052</subfield>
  </datafield>
  <datafield tag="907" ind1=" " ind2=" ">
    <subfield code="a">.b12629340</subfield>
    <subfield code="b">17-01-20</subfield>
    <subfield code="c">11-05-24</subfield>
  </datafield>
  <datafield tag="907" ind1=" " ind2=" ">
    <subfield code="a">.b12629340</subfield>
    <subfield code="b">11-10-11</subfield>
    <subfield code="c">11-05-24</subfield>
  </datafield>
  <datafield tag="945" ind1=" " ind2=" ">
    <subfield code="f">J</subfield>
    <subfield code="a">892.78:T247hA:1909:c.1</subfield>
    <subfield code="i">01036127</subfield>
    <subfield code="j">.i13151691</subfield>
    <subfield code="l">u0503</subfield>
  </datafield>
  <datafield tag="998" ind1=" " ind2=" ">
    <subfield code="a">u05</subfield>
    <subfield code="b">97-09-03</subfield>
    <subfield code="c">m</subfield>
    <subfield code="d">a</subfield>
    <subfield code="e">-</subfield>
    <subfield code="f">ara</subfield>
    <subfield code="g">ua </subfield>
    <subfield code="h">0</subfield>
    <subfield code="i">1</subfield>
  </datafield>
</record>
</collection>
